@article{Bergstra:2012:RSH:2188385.2188395,
 author = {Bergstra, James and Bengio, Yoshua},
 title = {Random Search for Hyper-parameter Optimization},
 journal = {J. Mach. Learn. Res.},
 issue_date = {3/1/2012},
 volume = {13},
 month = feb,
 year = {2012},
 issn = {1532-4435},
 pages = {281--305},
 numpages = {25},
 url = {http://dl.acm.org/citation.cfm?id=2188385.2188395},
 acmid = {2188395},
 publisher = {JMLR.org},
 keywords = {deep learning, global optimization, model selection, neural networks, response surface modeling},
}