@Manual{pwr,
  title = {pwr: Basic Functions for Power Analysis},
  author = {Stephane Champely},
  year = {2017},
  note = {R package version 1.2-1},
  url = {https://CRAN.R-project.org/package=pwr},
}
