<html><head>
<meta http-equiv="content-type" content="text/html; charset=UTF-8"><title>Fully-convolutional
 deep-learning based system for coronary calcium score prediction from 
non-contrast chest CT - IEEE Conference Publication</title></head><body>@INPROCEEDINGS{8363515,
<br>
author={R. Shadmi and V. Mazo and O. Bregman-Amitai and E. Elnekave},
<br>  booktitle={2018 IEEE 15th International Symposium on Biomedical Imaging (ISBI 2018)}, 
<br> title={Fully-convolutional deep-learning based system for coronary calcium score prediction from non-contrast chest CT}, 
<br>  year={2018},
<br>  volume={},
<br>  number={},
<br>  pages={24-28},
<br>  keywords={blood vessels;cardiology;computerised 
tomography;diseases;image segmentation;learning (artificial 
intelligence);lung;medical image processing;neural nets;Agatston 
score;cardiac CT;fully-convolutional deep neural network;segment 
coronary calcium;noncontrast chest CT;Agatston risk category 
assignment;algorithm predictions;coronary calcium score 
prediction;calcium deposits;coronary arteries;cardiovascular 
disease;chest CT scans;fully-convolutional deep-learning based 
system;Computed tomography;Calcium;Lung;Correlation;Biomedical 
imaging;Standards;Spatial resolution;coronary calcium;deep 
learning;Agatston score;segmentation;chest CT;computer aided diagnosis},
<br>  doi={10.1109/ISBI.2018.8363515},
<br>  ISSN={1945-8452},
<br>  month={April},}<br>

</body></html>