@article{world1984health,
  title={Health education in self-care: Possibilities and limitations},
  author={World Health Organization and others},
  year={1984},
  publisher={Geneva: World Health Organization}
}
